@STRING{aa = "A\&A"}
@STRING{astj = "AJ"}
@STRING{mn = "MNRAS"}
@STRING{pasa = "PASA"}

@Article{calabretta02,
   author = {{Calabretta}, M.R. and {Greisen}, E.W.},
    title = {{``Representations of celestial coordinates in FITS''}},
  journal = aa,
     year = 2002,
    month = dec,
   volume = 395,
    pages = {1077-1122},
      doi = {10.1051/0004-6361:20021327},
   url = {http://adsabs.harvard.edu/cgi-bin/nph-bib_query?bibcode=2002A%26A...395.1077C&db_key=AST},
  adsnote = {Provided by the Smithsonian/NASA Astrophysics Data System}
}

@Article{greisen02,
   author = {{Greisen}, E.W. and {Calabretta}, M.R.},
    title = {{``Representations of world coordinates in FITS''}},
  journal = aa,
     year = 2002,
    month = dec,
   volume = 395,
    pages = {1061-1075},
      doi = {10.1051/0004-6361:20021326},
   url = {http://adsabs.harvard.edu/cgi-bin/nph-bib_query?bibcode=2002A%26A...395.1061G&db_key=AST},
  adsnote = {Provided by the Smithsonian/NASA Astrophysics Data System}
}

@Article{hanisch01,
   author = {{Hanisch}, R.J. and {Farris}, A. and {Greisen}, E.W. and {Pence}, W.D. and {Schlesinger}, B.M. and {Teuben}, P.J. and {Thompson}, R.W. and {Warnock}, A.},
    title = {{11Definition of the Flexible Image Transport System (FITS)''}},
  journal = aa,
     year = 2001,
    month = sep,
   volume = 376,
    pages = {359-380},
      doi = {10.1051/0004-6361:20010923},
   url = {http://adsabs.harvard.edu/cgi-bin/nph-bib_query?bibcode=2001A%26A...376..359H&db_key=AST},
  adsnote = {Provided by the Smithsonian/NASA Astrophysics Data System}
}

@Article{hopkins02,
   author = {{Hopkins}, A.M. and {Miller}, C.J. and {Connolly}, A.J. and {Genovese}, C. and {Nichol}, R.C. and {Wasserman}, L.},
    title = {{``A New Source Detection Algorithm Using the False-Discovery Rate''}},
  journal = astj,
     year = 2002,
    month = feb,
   volume = 123,
    pages = {1086-1094},
   url = {http://adsabs.harvard.edu/cgi-bin/nph-bib_query?bibcode=2002AJ....123.1086H&db_key=AST},
  adsnote = {Provided by the Smithsonian/NASA Astrophysics Data System}
}

@Article{lutz80,
  author = 	 {Lutz, R.K.},
  title = 	 {{``An algorithm for the real time analysis of digitised images''}},
  journal = 	 {The Computer Journal},
  year = 	 1980,
  volume =	 23,
  pages =	 {262-269}
}

@Article{meyer04,
   author = {{Meyer}, M.J. and {Zwaan}, M.A. and {Webster}, R.L. and {Staveley-Smith}, L. and {Ryan-Weber}, E. and {Drinkwater}, M.J. and {Barnes}, D.G. and {Howlett}, M. and {Kilborn}, V.A. and {Stevens}, J. and {Waugh}, M. and {Pierce}, M.J. and {Bhathal}, R. and {de Blok}, W.J.G. and {Disney}, M.J. and {Ekers}, R.D. and {Freeman}, K.C. and {Garcia}, D.A. and {Gibson}, B.K. and {Harnett}, J. and {Henning}, P.A. and {Jerjen}, H. and {Kesteven}, M.J. and {Knezek}, P.M. and {Koribalski}, B.S. and {Mader}, S. and {Marquarding}, M. and {Minchin}, R.F. and {O'Brien}, J. and {Oosterloo}, T. and {Price}, R.M. and {Putman}, M.E. and {Ryder}, S.D. and {Sadler}, E.M. and {Stewart}, I.M. and {Stootman}, F. and {Wright}, A.E.},
    title = {{``The HIPASS catalogue - {\sc I}. Data presentation''}},
  journal = mn,
     year = 2004,
    month = jun,
   volume = 350,
    pages = {1195-1209},
      doi = {10.1111/j.1365-2966.2004.07710.x},
   url = {http://adsabs.harvard.edu/cgi-bin/nph-bib_query?bibcode=2004MNRAS.350.1195M&db_key=AST},
  adsnote = {Provided by the Smithsonian/NASA Astrophysics Data System}
}

@Article{meyer04:trunc,
   author = {{Meyer}, M.J. and others },
    title = {{``The HIPASS catalogue - {\sc I}. Data presentation''}},
  journal = mn,
     year = 2004,
    month = jun,
   volume = 350,
    pages = {1195-1209},
      doi = {10.1111/j.1365-2966.2004.07710.x},
   url = {http://adsabs.harvard.edu/cgi-bin/nph-bib_query?bibcode=2004MNRAS.350.1195M&db_key=AST},
  adsnote = {Provided by the Smithsonian/NASA Astrophysics Data System}
}

@Article{miller01,
   author = {{Miller}, C.J. and {Genovese}, C. and {Nichol}, R.C. and {Wasserman}, L. and {Connolly}, A. and {Reichart}, D. and {Hopkins}, A. and {Schneider}, J. and {Moore}, A.},
    title = {{``Controlling the False-Discovery Rate in Astrophysical Data Analysis''}},
  journal = astj,
     year = 2001,
    month = dec,
   volume = 122,
    pages = {3492-3505},
   url = {http://adsabs.harvard.edu/cgi-bin/nph-bib_query?bibcode=2001AJ....122.3492M&db_key=AST},
  adsnote = {Provided by the Smithsonian/NASA Astrophysics Data System}
}

@Article{minchin99,
  author = 	 {Minchin, R.F.},
  title = 	 {{``Finding the Bivariate Brightness Distribution of Galaxies from an HI Selected Sample''}},
  journal = 	 pasa,
  year = 	 1999,
  volume =	 16,
  pages =	 {12-17}
}

@Book{starck02:book,
  author =	 {Starck, J.-L. and Murtagh, F.},
  title = 	 {{``Astronomical Image and Data Analysis''}},
  publisher = 	 {Springer},
  year = 	 2002
}
